% Exemplo de entrada BibTeX
@book{exemplo,
  author    = {Autor Exemplo},
  title     = {Titulo do Livro},
  year      = {2023},
  publisher = {Editora}
}
