% Arquivo de exemplo para referencias BibTeX
@book{exemplo,
  author    = {Autor Exemplo},
  title     = {Titulo do Livro},
  year      = {2023},
  publisher = {Editora},
}
